<record><leader>00000cas a22000007a 4500</leader><controlfield tag="001">11655567</controlfield><controlfield tag="008">850204d19391942mtuwr ne      0    0eng d</controlfield><datafield ind1=" " ind2=" " tag="010"><subfield code="a">sn 85053027 </subfield></datafield><datafield ind1=" " ind2=" " tag="040"><subfield code="a">MTL</subfield><subfield code="b">eng</subfield><subfield code="c">MTL</subfield><subfield code="d">OCLCQ</subfield></datafield><datafield ind1=" " ind2=" " tag="042"><subfield code="a">msc</subfield></datafield><datafield ind1="0" ind2="4" tag="245"><subfield code="a">The Teton citizen.</subfield></datafield><datafield ind1=" " ind2=" " tag="260"><subfield code="a">Choteau, Mont. :</subfield><subfield code="b">M. Bullerdick,</subfield><subfield code="c">-1942.</subfield></datafield><datafield ind1=" " ind2=" " tag="300"><subfield code="a">4 v. :</subfield><subfield code="b">ill. ;</subfield><subfield code="c">50 cm.</subfield></datafield><datafield ind1=" " ind2=" " tag="310"><subfield code="a">Weekly</subfield></datafield><datafield ind1="0" ind2=" " tag="362"><subfield code="a">-v. 4, no. 12 (Sept. 17, 1942).</subfield></datafield><datafield ind1="1" ind2=" " tag="362"><subfield code="a">"Established 1939."</subfield><subfield code="z">Cf. List of Montana newspapers, 1941.</subfield></datafield><datafield ind1=" " ind2=" " tag="588"><subfield code="a">Description based on: Vol. 3, no. 1 (July 3, 1941).</subfield></datafield><datafield ind1=" " ind2=" " tag="752"><subfield code="a">United States</subfield><subfield code="b">Montana</subfield><subfield code="c">Teton</subfield><subfield code="d">Choteau.</subfield></datafield><datafield ind1="0" ind2="5" tag="780"><subfield code="t">Dutton sentinel</subfield><subfield code="g">Sept. 14, 1941</subfield><subfield code="w">(DLC)sn 84036271</subfield></datafield><datafield ind1="0" ind2="4" tag="785"><subfield code="t">Choteau acantha</subfield><subfield code="w">(DLC)sn 85053032</subfield></datafield></record>